@book{chollet2021deep,
  title={Deep learning with Python},
  author={Chollet, Francois and Chollet, Fran{\c{c}}ois},
  year={2021},
  publisher={Simon and Schuster}
}
